@book{Molyneaux:2009:ArtOfAppPerfTesting,
 author = {Molyneaux, Ian},
 title = {The Art of Application Performance Testing: Help for Programmers and Quality Assurance},
 year = {2009},
 isbn = {0596520662, 9780596520663},
 edition = {1st},
 publisher = {O'Reilly Media, Inc.},
}

@inproceedings{Denaro:2004:EarlyPerfTestOdDistributedSWApp,
 author = {Denaro, Giovanni and Polini, Andrea and Emmerich, Wolfgang},
 title = {Early Performance Testing of Distributed Software Applications},
 booktitle = {Proceedings of the 4th International Workshop on Software and Performance},
 series = {WOSP '04},
 year = {2004},
 isbn = {1-58113-673-0},
 location = {Redwood Shores, California},
 pages = {94--103},
 numpages = {10},
 url = {http://doi.acm.org/10.1145/974044.974059},
 doi = {10.1145/974044.974059},
 acmid = {974059},
 publisher = {ACM},
 address = {New York, NY, USA},
 keywords = {distributed software architecture, middleware, performance analysis models, software performance, software testing},
}

@inproceedings{Woodside:2007:TheFutureOfSWPerfEng,
 author = {Woodside, Murray and Franks, Greg and Petriu, Dorina C.},
 title = {The Future of Software Performance Engineering},
 booktitle = {2007 Future of Software Engineering},
 series = {FOSE '07},
 year = {2007},
 isbn = {0-7695-2829-5},
 pages = {171--187},
 numpages = {17},
 url = {http://dx.doi.org/10.1109/FOSE.2007.32},
 doi = {10.1109/FOSE.2007.32},
 acmid = {1254717},
 publisher = {IEEE Computer Society},
 address = {Washington, DC, USA},
}

@article{Fielding:2002:PDM:REST,
 author = {Fielding, Roy T. and Taylor, Richard N.},
 title = {Principled Design of the Modern Web Architecture},
 journal = {ACM Trans. Internet Technol.},
 issue_date = {May 2002},
 volume = {2},
 number = {2},
 month = may,
 year = {2002},
 issn = {1533-5399},
 pages = {115--150},
 numpages = {36},
 url = {http://doi.acm.org/10.1145/514183.514185},
 doi = {10.1145/514183.514185},
 acmid = {514185},
 publisher = {ACM},
 address = {New York, NY, USA},
 keywords = {Network-based applications, REST, World Wide Web},
}

@inproceedings{Barford:1998:GeneratingRepresentativeWorkloads,
 author = {Barford, Paul and Crovella, Mark},
 title = {Generating Representative Web Workloads for Network and Server Performance Evaluation},
 booktitle = {Proceedings of the 1998 ACM SIGMETRICS Joint International Conference on Measurement and Modeling of Computer Systems},
 series = {SIGMETRICS '98/PERFORMANCE '98},
 year = {1998},
 isbn = {0-89791-982-3},
 location = {Madison, Wisconsin, USA},
 pages = {151--160},
 numpages = {10},
 url = {http://doi.acm.org/10.1145/277851.277897},
 doi = {10.1145/277851.277897},
 acmid = {277897},
 publisher = {ACM},
 address = {New York, NY, USA},
}

@misc{Jouravlev:2004:RedirectAfterPost,
 author = {Jouravlev, Michael},
 title = {Redirect After Post},
 month = aug,
 year = {2004},
 howpublished = {\url{http://www.theserverside.com/news/1365146/Redirect-After-Post}}
}

@article{Liu:2001:TMP:570289.570291,
 author = {Liu, Zhen and Niclausse, Nicolas and Jalpa-Villanueva, C{\'e}sar},
 title = {Traffic Model and Performance Evaluation of Web Servers},
 journal = {Perform. Eval.},
 issue_date = {October 2001},
 volume = {46},
 number = {2-3},
 month = oct,
 year = {2001},
 issn = {0166-5316},
 pages = {77--100},
 numpages = {24},
 url = {http://dx.doi.org/10.1016/S0166-5316(01)00046-3},
 doi = {10.1016/S0166-5316(01)00046-3},
 acmid = {570291},
 publisher = {Elsevier Science Publishers B. V.},
 address = {Amsterdam, The Netherlands, The Netherlands},
 keywords = {HTTP1.0, HTTP1.1, Persistent connection, apache server, server model, user perceived quality of service, web server performance, web traffic modeling},
}

% Performance Evaluation of Complex Systems: Techniques and Tools

@incollection{Feitelson:2002:WorkloadModeling,
 year={2002},
 isbn={978-3-540-44252-3},
 booktitle={Performance Evaluation of Complex Systems: Techniques and Tools},
 volume={2459},
 series={Lecture Notes in Computer Science},
 editor={Calzarossa, Maria Carla and Tucci, Salvatore},
 doi={10.1007/3-540-45798-4_6},
 title={Workload Modeling for Performance Evaluation},
 url={http://dx.doi.org/10.1007/3-540-45798-4_6},
 publisher={Springer Berlin Heidelberg},
 author={Feitelson, Dror G.},
 pages={114-141},
 language={English}
}

@incollection{Andreolini:2002:BenchmarkingDistributedWebSystems,
year={2002},
isbn={978-3-540-44252-3},
booktitle={Performance Evaluation of Complex Systems: Techniques and Tools},
volume={2459},
series={Lecture Notes in Computer Science},
editor={Calzarossa, Maria Carla and Tucci, Salvatore},
doi={10.1007/3-540-45798-4_10},
title={Benchmarking Models and Tools for Distributed Web-Server Systems},
url={http://dx.doi.org/10.1007/3-540-45798-4_10},
publisher={Springer Berlin Heidelberg},
author={Andreolini, Mauro and Cardellini, Valeria and Colajanni, Michele},
pages={208-235},
language={English}
}

@incollection{Rolia:2002:ServiceCentricComputing,
year={2002},
isbn={978-3-540-44252-3},
booktitle={Performance Evaluation of Complex Systems: Techniques and Tools},
volume={2459},
series={Lecture Notes in Computer Science},
editor={Calzarossa, Maria Carla and Tucci, Salvatore},
doi={10.1007/3-540-45798-4_19},
title={Service Centric Computing - Next Generation Internet Computing},
url={http://dx.doi.org/10.1007/3-540-45798-4_19},
publisher={Springer Berlin Heidelberg},
author={Rolia, Jerry and Friedrich, Rich and Patel, Chandrakant},
pages={463-479},
language={English}
}

% Performance Evaluation: Origins and Directions

@inproceedings{Reed:2000:PerfIssuesParallelProcessing,
 author = {Reed, Daniel A. and Rose, Luiz De and Pantano, Mario and Vetter, Jeffrey S.},
 title = {Performance Issues in Parallel Processing Systems},
 booktitle = {Performance Evaluation: Origins and Directions},
 year = {2000},
 isbn = {3-540-67193-5},
 pages = {141--159},
 numpages = {19},
 url = {http://dl.acm.org/citation.cfm?id=647347.724312},
 acmid = {724312},
 publisher = {Springer-Verlag},
 address = {London, UK},
}

@incollection{Menasce:2000:PerfClientServerSystems,
year={2000},
isbn={978-3-540-67193-0},
booktitle={Performance Evaluation: Origins and Directions},
volume={1769},
series={Lecture Notes in Computer Science},
editor={Haring, Günter and Lindemann, Christoph and Reiser, Martin},
doi={10.1007/3-540-46506-5_8},
title={Performance of Client/Server Systems},
url={http://dx.doi.org/10.1007/3-540-46506-5_8},
publisher={Springer Berlin Heidelberg},
author={Menascé, Daniel A. and Almeida, Virgilio A.F.},
pages={201-218},
language={English}
}

@incollection{Crovella:2000:PerfCharacteristicsOfWWW,
year={2000},
isbn={978-3-540-67193-0},
booktitle={Performance Evaluation: Origins and Directions},
volume={1769},
series={Lecture Notes in Computer Science},
editor={Haring, Günter and Lindemann, Christoph and Reiser, Martin},
doi={10.1007/3-540-46506-5_9},
title={Performance Characteristics of the World Wide Web},
url={http://dx.doi.org/10.1007/3-540-46506-5_9},
publisher={Springer Berlin Heidelberg},
author={Crovella, Mark E.},
pages={219-232},
language={English}
}

@incollection{Calzarossa:2000:WorkloadCharacterzationIssuesMethodologies,
year={2000},
isbn={978-3-540-67193-0},
booktitle={Performance Evaluation: Origins and Directions},
volume={1769},
series={Lecture Notes in Computer Science},
editor={Haring, Günter and Lindemann, Christoph and Reiser, Martin},
doi={10.1007/3-540-46506-5_20},
title={Workload Characterization Issues and Methodologies},
url={http://dx.doi.org/10.1007/3-540-46506-5_20},
publisher={Springer Berlin Heidelberg},
author={Calzarossa, Maria and Massari, Luisa and Tessera, Daniele},
pages={459-482},
language={English}
}

@incollection{Wolter:2003:WebAppLoader,
year={2003},
isbn={978-3-540-40814-7},
booktitle={Computer Performance Evaluation. Modelling Techniques and Tools},
volume={2794},
series={Lecture Notes in Computer Science},
editor={Kemper, Peter and Sanders, William H.},
doi={10.1007/978-3-540-45232-4_4},
title={WebAppLoader: A Simulation Tool Set for Evaluating Web Application Performance},
url={http://dx.doi.org/10.1007/978-3-540-45232-4_4},
publisher={Springer Berlin Heidelberg},
author={Wolter, Katinka and Kasprowicz, Kristian},
pages={47-62},
language={English}
}
